@inproceedings{Kinneer2015,
    author    = {Cody Kinneer and Gregory M. Kapfhammer and Chris J. Wright and Phil McMinn},
    title     = {Automatically evaluating the efficiency of search-based test data generation for relational database schemas},
    booktitle = {Proceedings of the 27th International Conference on Software Engineering and Knowledge Engineering},
    year      = {2015}
}

@inproceedings{Wright2014,
    author    = {Chris J. Wright and Gregory M. Kapfhammer and Phil McMinn},
    title     = {The impact of equivalent, redundant, and quasi mutants on database schema mutation analysis},
    booktitle = {Proceedings of the 14th International Conference on Quality Software},
    year      = {2014}
}

@inproceedings{Kapfhammer2013,
    author    = {Gregory M. Kapfhammer and Phil McMinn and Chris J. Wright},
    title     = {Search-based testing of relational schema integrity constraints across multiple database management systems},
    booktitle = {Proceedings of the 6th International Conference on Software Testing, Verification and Validation},
    year      = {2013}
}

@inproceedings{Wright2013,
  author    = "Chris J. Wright and Gregory M. Kapfhammer and Phil McMinn",
  title     = "Efficient mutation analysis of relational database structure using mutant schemata and parallelisation",
  booktitle = "Proceedings of the 8th International Workshop on Mutation Analysis",
  year      = "2013"
}

@inproceedings{Just2012a,
  author    = "Ren\'{e} Just and Gregory M. Kapfhammer and Franz Schweiggert",
  title     = "Do redundant mutants affect the effectiveness and efficiency of mutation analysis?",
  booktitle = "Proceedings of the 7th International Workshop on Mutation Analysis",
  year      = "2012"
}

@inproceedings{Just2011,
  author    = "Ren\'{e} Just and Gregory M. Kapfhammer",
  title     = "MAJOR: An efficient technique for mutation analysis in a Java compiler",
  booktitle = "Poster Compendium of the 4th International Conference on Software Testing, Verification and Validation",
  year      = "2011"
}

@inproceedings{Just2011a,
    author    = {Just, Ren{\'e} and Kapfhammer, Gregory M. and Schweiggert, Franz},
    title     = {Using conditional mutation to increase the efficiency of mutation analysis},
    booktitle = {Proceedings of the 6th International Workshop on Automation of Software Test},
    year      = {2011}
}

@inproceedings{Just2011b,
    author    = {Just, Ren{\'e} and Kapfhammer, Gregory M. and Schweiggert, Franz},
    title     = {MAJOR: An efficient and extensible tool for mutation analysis in a Java compiler},
    booktitle = {Proceedings of the 26th International Conference on Automated Software Engineering},
    year      = {2011}
}

@incollection{Kapfhammer2010,
  author       = {Gregory M. Kapfhammer},
  title        = {Regression testing},
  booktitle    = {The Encyclopedia of Software Engineering},
  publisher    = {Taylor and Francis -- Auerbach Publications},
  year         = {2010}
}

@inproceedings{Kapfhammer2012a,
    author    = {Gregory M. Kapfhammer},
    title     = {Towards a method for reducing the test suites of database applications},
    booktitle = {Poster Compendium of the 5th International Conference on Software Testing, Verification and Validation},
    year      = {2012},
}

@incollection{Kapfhammer2004,
  author       = {Gregory M. Kapfhammer},
  title        = {Software testing},
  booktitle    = {The Computer Science Handbook},
  publisher    = {CRC Press},
  year         = {2004}
}

